<?xml version="1.0" encoding="UTF-8"?><record xmlns="http://www.loc.gov/MARC21/slim" xmlns:cinclude="http://apache.org/cocoon/include/1.0" xmlns:zs="http://www.loc.gov/zing/srw/">
  <leader>01166cz  a2200277n  4500</leader>
  <controlfield tag="001">no2012022991</controlfield>
  <controlfield tag="003">DLC</controlfield>
  <controlfield tag="005">20150227073940.0</controlfield>
  <controlfield tag="008">120216n| azannaabn          |a aaa     c</controlfield>
  <datafield tag="010" ind1=" " ind2=" ">
    <subfield code="a">no2012022991</subfield>
  </datafield>
  <datafield tag="035" ind1=" " ind2=" ">
    <subfield code="a">(OCoLC)oca09118084</subfield>
  </datafield>
  <datafield tag="040" ind1=" " ind2=" ">
    <subfield code="a">OU</subfield>
    <subfield code="b">eng</subfield>
    <subfield code="e">rda</subfield>
    <subfield code="c">OU</subfield>
    <subfield code="d">DLC</subfield>
    <subfield code="d">ICrlF</subfield>
  </datafield>
  <datafield tag="046" ind1=" " ind2=" ">
    <subfield code="f">1861</subfield>
    <subfield code="g">1920</subfield>
  </datafield>
  <datafield tag="100" ind1="1" ind2=" ">
    <subfield code="a">Fox, Frank S.,</subfield>
    <subfield code="d">1861-1920</subfield>
  </datafield>
  <datafield tag="370" ind1=" " ind2=" ">
    <subfield code="a">Hayesville (Ohio)</subfield>
    <subfield code="b">Ashland (Ohio)</subfield>
    <subfield code="f">Columbus (Ohio)</subfield>
  </datafield>
  <datafield tag="372" ind1=" " ind2=" ">
    <subfield code="a">Public speaking</subfield>
  </datafield>
  <datafield tag="373" ind1=" " ind2=" ">
    <subfield code="a">Capitol College of Oratory and Music</subfield>
  </datafield>
  <datafield tag="374" ind1=" " ind2=" ">
    <subfield code="a">Educator</subfield>
  </datafield>
  <datafield tag="375" ind1=" " ind2=" ">
    <subfield code="a">male</subfield>
  </datafield>
  <datafield tag="377" ind1=" " ind2=" ">
    <subfield code="a">eng</subfield>
  </datafield>
  <datafield tag="378" ind1=" " ind2=" ">
    <subfield code="q">Franklin Skinner</subfield>
  </datafield>
  <datafield tag="400" ind1="1" ind2=" ">
    <subfield code="w">nnea</subfield>
    <subfield code="a">Fox, Frank S.,</subfield>
    <subfield code="d">b. 1861</subfield>
  </datafield>
  <datafield tag="400" ind1="1" ind2=" ">
    <subfield code="a">Fox, Franklin Skinner,</subfield>
    <subfield code="d">1861-1920</subfield>
  </datafield>
  <datafield tag="670" ind1=" " ind2=" ">
    <subfield code="a">Essential steps in reading and speaking, c1905:</subfield>
    <subfield code="b">t.p. (Frank S. Fox)</subfield>
  </datafield>
  <datafield tag="670" ind1=" " ind2=" ">
    <subfield code="a">OCLC database, Feb. 6, 2012</subfield>
    <subfield code="b">(hdg.: Fox, Franklin Skinner, 1861- ; usage: Frank S. Fox)</subfield>
  </datafield>
  <datafield tag="670" ind1=" " ind2=" ">
    <subfield code="a">Find a Grave website, Feb. 25, 2015</subfield>
    <subfield code="b">(Franklin S Fox ; Birth:  1861 ; Death:  1920 ; born at Hayesville ; founded the Capitol College of Oratory and Music at Columbus ; professor of Public Speaking ; his text on public speaking Essential steps in reading and speaking ; died at Ashland)</subfield>
  </datafield>
</record>